% This file was created with JabRef 2.10.
% Encoding: UTF-8


@Book{vasquez2009twp,
  Title                    = {The War Puzzle Revisited},
  Author                   = {Vasquez, John A},
  Publisher                = {New York, NY: Cambridge University Press},
  Year                     = {2009}
}

@Manual{R,
  title = {R: A Language and Environment for Statistical Computing},
  author = {{R Core Team}},
  organization = {R Foundation for Statistical Computing},
  address = {Vienna, Austria},
  year = {2019},
  url = {https://www.R-project.org/},
}

@Book{xie2013ddrk,
  title = {Dynamic Documents with {R} and knitr},
  author = {Yihui Xie},
  publisher = {Chapman and Hall/CRC},
  address = {Boca Raton, Florida},
  year = {2015},
  edition = {2nd},
  note = {ISBN 978-1498716963},
  url = {https://yihui.name/knitr/},
}


@misc{AlcaldiadeMedellin2019,
author = {{Alcald{\'{i}}a de Medell{\'{i}}n}},
booktitle = {SAPIENCIA},
title = {{Observatorio de Educaci{\'{o}}n Superior de Medell{\'{i}}n}},
url = {https://www.sapiencia.gov.co/observatorio/},
urldate = {2019-08-31},
year = {2019}
}

@article{Auguie2017,
author = {Auguie, Baptiste and Antonov, Anton},
journal = {R package gridExtra version 2.3},
publisher = {Comprehensive R Archive Network (CRAN)},
title = {{gridExtra: Miscellaneous Functions for "Grid" Graphics}},
url = {https://cran.r-project.org/web/packages/gridExtra/index.html},
volume = {1},
year = {2017}
}
@article{BerlangaSilvente2013,
abstract = {Un {\'{a}}rbol de decisi{\'{o}}n es una forma gr{\'{a}}fica y anal{\'{i}}tica de representar todos los eventos (sucesos)
que pueden surgir a partir de una decisi{\'{o}}n asumida en cierto momento. Nos ayudan a tomar la
decisi{\'{o}}n m{\'{a}}s “acertada”, desde un punto de vista probabil{\'{i}}stico, ante un abanico de posibles
decisiones. Estos {\'{a}}rboles permiten examinar los resultados y determinar visualmente c{\'{o}}mo fluye
el modelo. Los resultados visuales ayudan a buscar subgrupos espec{\'{i}}ficos y relaciones que tal vez
no encontrar{\'{i}}amos con estad{\'{i}}sticos m{\'{a}}s tradicionales.
Los {\'{a}}rboles de decisi{\'{o}}n son una t{\'{e}}cnica estad{\'{i}}stica para la segmentaci{\'{o}}n, la estratificaci{\'{o}}n, la
predicci{\'{o}}n, la reducci{\'{o}}n de datos y el filtrado de variables, la identificaci{\'{o}}n de interacciones, la
fusi{\'{o}}n de categor{\'{i}}as y la discretizaci{\'{o}}n de variables continuas.
La funci{\'{o}}n {\'{a}}rboles de decisi{\'{o}}n (Tree) en SPSS crea {\'{a}}rboles de clasificaci{\'{o}}n y de decisi{\'{o}}n para
identificar grupos, descubrir las relaciones entre grupos y predecir eventos futuros. Existen
diferentes tipos de {\'{a}}rbol: CHAID, CHAID exhaustivo, CRT y QUEST, seg{\'{u}}n el que mejor se ajuste
a nuestros datos. },
author = {{Berlanga Silvente}, Vanesa and {Rubio Hurtado}, Mar{\'{i}}a Jos{\'{e}} and {Vil{\`{a}} Ba{\~{n}}os}, Ruth},
doi = {10.1344/reire2013.6.1615},
file = {:C$\backslash$:/Users/User/AppData/Local/Mendeley Ltd./Mendeley Desktop/Downloaded/Berlanga Silvente, Rubio Hurtado, Vil{\`{a}} Ba{\~{n}}os - 2013 - C{\'{o}}mo aplicar {\'{a}}rboles de decisi{\'{o}}n en SPSS.pdf:pdf},
journal = {REIRE},
pages = {15},
title = {{C{\'{o}}mo aplicar {\'{a}}rboles de decisi{\'{o}}n en SPSS.}},
url = {http://www.ub.edu/ice/reire.htm//Datosdelasautoras},
volume = {6},
year = {2013}
}

@article{Hothorn2019,
author = {Hothorn, Torsten and Hornik, Kurt and Strobl, Carolin and Zeileis, Achim},
journal = {R package party version 1.3.3},
title = {{party: A Laboratory for Recursive Partytioning}},
url = {https://cran.r-project.org/web/packages/party/index.html},
volume = {1},
year = {2019}
}

@article{Milborrow2019,
author = {Milborrow, Stephen},
journal = {R package rpart.plot version 3.0.8},
title = {{rpart.plot: Plot 'rpart' Models: An Enhanced Version of 'plot.rpart'}},
url = {https://cran.r-project.org/web/packages/rpart.plot/index.html},
volume = {1},
year = {2019}
}

@misc{MinisteriodeeducacionNacional1,
author = {{Ministerio de educaci{\'{o}}n Nacional}},
title = {{¿Qu{\'{e}} es el SPADIES? - Sistemas informaci{\'{o}}n}},
url = {https://www.mineducacion.gov.co/sistemasdeinformacion/1735/w3-article-254648.html},
urldate = {2019-08-29}
}

@misc{MinisteriodeeducacionNacionala,
author = {{Ministerio de educaci{\'{o}}n Nacional}},
booktitle = {Sistema de educaci{\'{o}}n superior},
title = {{Niveles de la Educaci{\'{o}}n Superior - Ministerio de Educaci{\'{o}}n Nacional de Colombia}},
url = {https://www.mineducacion.gov.co/1759/w3-article-231238.html?{\_}noredirect=1},
urldate = {2019-08-29}
}

@misc{MinisteriodeEducacionNacional,
author = {{Ministerio de Educaci{\'{o}}n Nacional}},
title = {{Glosario - Sistemas informaci{\'{o}}n}},
url = {https://www.mineducacion.gov.co/sistemasdeinformacion/1735/w3-article-254707.html},
urldate = {2019-08-29}
}
@techreport{MinisteriodeEducacionNacional2016,
address = {Bogot{\'{a}}, Colombia},
author = {{Ministerio de Educaci{\'{o}}n Nacional}},
file = {:C$\backslash$:/Users/User/AppData/Local/Mendeley Ltd./Mendeley Desktop/Downloaded/Ministerio de Educaci{\'{o}}n Nacional - 2016 - Compendio Estad{\'{i}}stico Educaci{\'{o}}n Superior Colombiana.pdf:pdf},
institution = {Ministerio de educaci{\'{o}}n Nacional },
pages = {368},
title = {{Compendio Estad{\'{i}}stico Educaci{\'{o}}n Superior Colombiana}},
url = {https://www.mineducacion.gov.co/1759/articles-360739{\_}recurso.pdf},
year = {2016}
}
@techreport{Sapiencia2017,
address = {Medell{\'{i}}n, Colombia},
author = {Sapiencia},
file = {:C$\backslash$:/Users/User/AppData/Local/Mendeley Ltd./Mendeley Desktop/Downloaded/Sapiencia - 2017 - Deserci{\'{o}}n en la educaci{\'{o}}n Superior.pdf:pdf},
institution = {Alcald{\'{i}}a de Medell{\'{i}}n},
pages = {18},
title = {{Deserci{\'{o}}n en la educaci{\'{o}}n Superior}},
url = {www.sapiencia.gov.co},
year = {2017}
}
@misc{SemillerodeR.EscueladeEstadistica2019,
author = {{Semillero de R. Escuela de Estad{\'{i}}stica}},
title = {{Tama{\~{n}}os de muestra}},
url = {http://gauss.medellin.unal.edu.co:3838/fhernanb/samplesize/},
urldate = {2019-08-28},
year = {2019}
}
@techreport{SPADIES2016,
abstract = {Spadies},
address = {Bogot{\'{a}}},
author = {SPADIES},
file = {:C$\backslash$:/Users/User/AppData/Local/Mendeley Ltd./Mendeley Desktop/Downloaded/Unknown - 2016 - ESTAD{\'{I}}STICAS DESERCI{\'{O}}N Y GRADUACI{\'{O}}N 2015.pdf:pdf},
institution = {Ministerio de educaci{\'{o}}n Nacional},
pages = {4},
title = {{ESTAD{\'{I}}STICAS DESERCI{\'{O}}N Y GRADUACI{\'{O}}N 2015}},
url = {https://www.mineducacion.gov.co/sistemasdeinformacion/1735/articles-357549{\_}recurso{\_}3.pdf},
year = {2016}
}
@techreport{SPADIES2017,
address = {Bogot{\'{a}}, Colombia},
author = {SPADIES},
file = {:C$\backslash$:/Users/User/AppData/Local/Mendeley Ltd./Mendeley Desktop/Downloaded/SPADIES - 2017 - REPORTE SOBRE DESERCI{\'{O}}N Y GRADUACI{\'{O}}N EN EDUCACI{\'{O}}N SUPERIOR A{\~{N}}O 2016.pdf:pdf},
institution = {Ministerio de Educacion Nacional},
pages = {4},
title = {{REPORTE SOBRE DESERCI{\'{O}}N Y GRADUACI{\'{O}}N EN EDUCACI{\'{O}}N SUPERIOR A{\~{N}}O 2016}},
url = {https://www.mineducacion.gov.co/sistemasdeinformacion/1735/articles-357549{\_}recurso{\_}5.pdf},
year = {2017}
}

@article{Therneau2019,
author = {Therneau, Terry and Atkinson, Beth and Ripley, Brian},
journal = {R package rpart version 4.1-15},
publisher = {Comprehensive R Archive Network (CRAN)},
title = {{rpart: Recursive Partitioning and Regression Trees}},
url = {https://cran.r-project.org/web/packages/rpart/index.html},
volume = {1},
year = {2019}
}
@misc{UniversidadNacionaldeColombiaSedeMedellin.OficinadePlaneacion2018,
author = {{Universidad Nacional de Colombia Sede Medell{\'{i}}n. Oficina de Planeaci{\'{o}}n}},
booktitle = {Reportes UN},
title = {{Reporte UN: Distribuci{\'{o}}n de la poblaci{\'{o}}n estudiantil por regi{\'{o}}n (2018-01)}},
url = {https://public.tableau.com/profile/reportes.unmed{\#}!/vizhome/Distribuciondelapoblacinestudiantilporregin2018-01/Distribucindelapoblacinestudiantilporregin2018-01 http://planeacion.medellin.unal.edu.co/distribucion-de-la-poblacion-estudiantil-por-region-201},
urldate = {2019-08-28},
year = {2018}
}

@techreport{UniversidadNacionaldeColombiaSedeMedellin.OficinadePlaneacion2011,
address = {Medell{\'{i}}n, Colombia},
author = {{Universidad Nacional de Colombia Sede Medell{\'{i}}n. Oficina de Planeaci{\'{o}}n}},
file = {:C$\backslash$:/Users/User/AppData/Local/Mendeley Ltd./Mendeley Desktop/Downloaded/Universidad Nacional de Colombia Sede Medell{\'{i}}n. Oficina de Planeaci{\'{o}}n - 2011 - LA DESERCI{\'{O}}N ESTUDIANTIL DE LA UNIVERSIDAD NACIONAL DE CO.pdf:pdf},
institution = {Universidad Nacional de Colombia},
mendeley-groups = {Semillero},
pages = {52},
title = {{LA DESERCI{\'{O}}N ESTUDIANTIL DE LA UNIVERSIDAD NACIONAL DE COLOMBIA SEDE MEDELL{\'{I}}N EN EL SISTEMA DE EDUCACI{\'{O}}N SUPERIOR COLOMBIANO}},
url = {http://planeacion.medellin.unal.edu.co/images/documentos/DesercionComparadaUN-2011.pdf},
year = {2011}
}


@article{Wei2017,
author = {Wei, Taiyun and Simko, Viliam and Levy, Michael and Xie, Yihui and Jin, Yan and Zemla, Jeff},
journal = {R package corrplot version 0.84},
publisher = {Comprehensive R Archive Network (CRAN)},
title = {{corrplot: Visualization of a Correlation Matrix}},
url = {https://cran.r-project.org/web/packages/corrplot/index.html},
volume = {1},
year = {2017}
}
@article{Wickham2019,
author = {Wickham, Hadley and Fran{\c{c}}ois, Romain and Henry, Lionel and M{\"{u}}ller, Kirill and RStudio},
journal = {R package dplyr version 0.8.3},
publisher = {Comprehensive R Archive Network (CRAN)},
title = {{dplyr: A Grammar of Data Manipulation}},
url = {https://cran.r-project.org/web/packages/dplyr/index.html},
volume = {1},
year = {2019}
}
@article{Wickham2019a,
author = {Wickham, Hadley and Henry, Lionel and RStudio},
journal = {R package tidyr version 0.8.3},
publisher = {Comprehensive R Archive Network (CRAN)},
title = {{tidyr: Easily Tidy Data with 'spread()' and 'gather()' Functions}},
url = {https://cran.r-project.org/web/packages/tidyr/index.html{\#}targetText=tidyr{\%}3A Easily Tidy Data with,with 'dplyr' data pipelines.},
volume = {1},
year = {2019}
}

@book{Wickham2016,
author = {Wickham, Hadley},
edition = {Second Edi},
file = {:C$\backslash$:/Users/User/AppData/Local/Mendeley Ltd./Mendeley Desktop/Downloaded/Wickham - 2016 - ggplot2 Elegant Graphics for Data Analysis.pdf:pdf},
isbn = {978-3-319-24277-4},
pages = {281},
publisher = {Springer - Verlag New York},
title = {{ggplot2: Elegant Graphics for Data Analysis}},
year = {2016}
}
